@article{Bailey,
  title={A study of queues and appointment systems in hospital out-patient departments, with special reference to waiting-times},
  author={Bailey, Norman TJ},
  journal={Journal of the Royal Statistical Society. Series B (Methodological)},
  pages={185--199},
  year={1952},
  publisher={JSTOR}
}

@report{Fomundam,
  title={A survey of queuing theory applications in healthcare},
  author={Fomundam, Samuel and Herrmann, Jeffrey W},
  institution={University of Maryland, The Insitute for Systems Research},
  year={2007}
}

@article{Mondschein,
  title={Appointment policies in service operations: A critical analysis of the economic framework},
  author={Mondschein, Susana V and Weintraub, Gabriel Y},
  journal={Production and Operations Management},
  volume={12},
  number={2},
  pages={266--286},
  year={2003},
  publisher={Wiley Online Library}
}

@article{Cayirli,
  title={Outpatient scheduling in health care: A review of literature},
  author={Cayirli, Tugba and Veral, Emre},
  journal={Production and Operations Management},
  volume={12},
  number={4},
  pages={519--549},
  year={2003},
  publisher={Wiley Online Library}
}

@mastersthesis{Mendel,
  title={Scheduling arrivals to queues: A model with no-shows},
  author={Mendel, Sharon},
  year={2006},
  school={Tel-Aviv University}
}

@article{Pegden,
  title={Scheduling arrivals to queues},
  author={Pegden, Claude Dennis and Rosenshine, Matthew},
  journal={Computers \& Operations Research},
  volume={17},
  number={4},
  pages={343--348},
  year={1990},
  publisher={Elsevier}
}

@article{Stein,
  title={Scheduling arrivals to a queue},
  author={Stein, William E and C{\^o}t{\'e}, Murray J},
  journal={Computers \& Operations Research},
  volume={21},
  number={6},
  pages={607--614},
  year={1994},
  publisher={Elsevier}
}

@article{Goldsmith,
  title={A radical prescription for hospitals},
  author={Goldsmith, Jeff},
  journal={Harvard Business Review},
  year={1989},
}

@incollection{Green,
  title={Queueing analysis in healthcare},
  author={Green, Linda},
  booktitle={Patient flow: reducing delay in healthcare delivery},
  pages={281--307},
  year={2006},
  publisher={Springer}
}

@article{Babes,
  title={Out-patient queues at the Ibn-Rochd health centre},
  author={Babes, Malika and Sarma, GV},
  journal={Journal of the Operational Research Society},
  volume={42},
  number={10},
  pages={845--855},
  year={1991},
  publisher={JSTOR}
}

@inproceedings{Delaurentis,
  title={Open access appointment scheduling - An experience at a community clinic},
  author={DeLaurentis, Po-Ching and Kopach, Renata and Rardin, Ronald and Lawley, Mark and Muthuraman, Kumar and Wan, Hong and Ozsen, Leyla and Intrevado, Paul},
  booktitle={IIE Annual Conference},
  year={2006},
  organization={Institute of Industrial Engineers}
}

@article{Gupta,
  title={Hospital manpower planning by use of queueing theory},
  author={Gupta, Ishwar and Zoreda, Juan and Kramer, Nathan},
  journal={Health Services Research},
  volume={6},
  number={1},
  pages={76-82},
  year={1971},
  publisher={Health Research \& Educational Trust}
}

@article{Fiems,
  title={Waiting times of scheduled patients in the presence of emergency requests},
  author={Fiems, Dieter and Koole, Ger and Nain, Philippe},
  journal={Technisch Rapport},
  year={2007}
}

@article{Kao,
  title={Bed allocation in a public health care delivery system},
  author={Kao, Edward PC and Tung, Grace G},
  journal={Management Science},
  volume={27},
  number={5},
  pages={507--520},
  year={1981},
  publisher={INFORMS}
}

@article{Ho,
  title={Minimizing total cost in scheduling outpatient appointments},
  author={Ho, Chrwan-Jyh and Lau, Hon-Shiang},
  journal={Management Science},
  volume={38},
  number={12},
  pages={1750--1764},
  year={1992},
  publisher={INFORMS}
}

@article{Rockart,
  title={Physician and patient behavior under different scheduling systems in a hospital outpatient department},
  author={Rockart, John F and Hofmann, Paul B},
  journal={Medical Care},
  volume={7},
  number={6},
  pages={463--470},
  year={1969},
  publisher={LWW}
}

@article{Walter,
  title={A comparison of appointment schedules in a hospital radiology department},
  author={Walter, SD},
  journal={British Journal of Preventive \& Social Medicine},
  volume={27},
  number={3},
  pages={160--167},
  year={1973},
  publisher={BMJ Publishing Group Ltd}
}

@article{O'Keefe,
  title={Investigating outpatient departments: Implementable policies and qualitative approaches},
  author={O'Keefe, Robert M},
  journal={Journal of the Operational Research Society},
  volume={36},
  number={8},
  pages={705--712},
  year={1985},
  publisher={JSTOR}
}

@article{Huarng,
  title={Using simulation in out-patient queues: A case study},
  author={Huarng, Fenghueih and Hou Lee, Mong},
  journal={International Journal of Health Care Quality Assurance},
  volume={9},
  number={6},
  pages={21--25},
  year={1996},
  publisher={MCB UP Ltd}
}

@article{Bennett,
  title={An example of a good but partially successful OR engagement: Improving outpatient clinic operations},
  author={Bennett, Joanne C and Worthington, DJ},
  journal={Interfaces},
  volume={28},
  number={5},
  pages={56--69},
  year={1998},
  publisher={INFORMS}
}